@misc{deprecateUtilEval,
    author = {},
    title = {util-eval refers to classes that are removed or deprecated in scala 2.11.x · Issue \#105 · twitter/util},
    howpublished = {\url{https://github.com/twitter/util/issues/105}},
    month = {},
    year = {},
    note = {(Accessed on 03/30/2016)}
}

@misc{githubTwitterEvalUtil,
    author = {},
    title = {twitter/util: Wonderful reusable code from Twitter},
    howpublished = {\url{https://github.com/twitter/util}},
    month = {},
    year = {},
    note = {(Accessed on 03/30/2016)}
}

@book{antlrDefinitiveReference, 
    title={The Definitive ANTLR 4 Reference}, 
    publisher={The Pragmatic Programmers}, 
    author={Parr, Terence}, 
    year={2012}
} 

@book{jansen_2015, 
      title={Learning TypeScript}, 
      publisher={Packt Publishing}, 
      author={Jansen, Remo H.}, 
      year={2015}
}


@misc{jruby,
	author = {},
	title = {Home — JRuby.org},
	howpublished = {\url{http://jruby.org/}},
	month = {},
	year = {},
	note = {(Accessed on 02/24/2016)}
}

@misc{whatIsScala,
author = {},
title = {What is Scala? | The Scala Programming Language},
howpublished = {\url{http://www.scala-lang.org/what-is-scala.html}},
month = {},
year = {},
note = {(Accessed on 03/30/2016)}
}

@misc{scala,
author = {},
title = {The Scala Programming Language},
howpublished = {\url{http://www.scala-lang.org/}},
month = {},
year = {},
note = {(Accessed on 02/25/2016)}
}

@misc{renjin,
author = {},
title = {Renjin.org | About},
howpublished = {\url{http://www.renjin.org/about.html}},
month = {},
year = {},
note = {(Accessed on 02/25/2016)}
}

@misc{jython_jvm,
author = {},
title = {Platform Specific Notes},
howpublished = {\url{http://www.jython.org/archive/21/platform.html}},
month = {},
year = {},
note = {(Accessed on 02/25/2016)}
}

@misc{frege,
author = {Ingo Wechsung},
title = {Frege/frege: Frege is a Haskell for the JVM. It brings purely functional programing to the Java platform.},
howpublished = {\url{https://github.com/Frege/frege}},
month = {},
year = {},
note = {(Accessed on 02/25/2016)}
}


@misc{stackOverflowExecRecursive,
author = {},
title = {python - Using exec() with recursive functions - Stack Overflow},
howpublished = {\url{http://stackoverflow.com/questions/871887/using-exec-with-recursive-functions}},
month = {},
year = {},
note = {(Accessed on 02/25/2016)}
}


@misc{antlrHaskellLexer,
author = {Thiago Arrais},
title = {haskell-lexer.g},
howpublished = {\url{http://eclipsefp.sourceforge.net/repo/net.sf.eclipsefp.haskell.core.jparser/antlr-src/haskell-lexer.g}},
month = {},
year = {},
note = {(Accessed on 03/01/2016)}
}


@misc{haskellModule,
author = {},
title = {A Gentle Introduction to Haskell: Modules},
howpublished = {\url{https://www.haskell.org/tutorial/modules.html}},
month = {},
year = {},
note = {(Accessed on 03/01/2016)}
}