@misc{jruby,
	author = {},
	title = {Home â€” JRuby.org},
	howpublished = {\url{http://jruby.org/}},
	month = {},
	year = {},
	note = {(Accessed on 02/24/2016)}
}

@misc{scala,
author = {},
title = {The Scala Programming Language},
howpublished = {\url{http://www.scala-lang.org/}},
month = {},
year = {},
note = {(Accessed on 02/25/2016)}
}

@misc{renjin,
author = {},
title = {Renjin.org | About},
howpublished = {\url{http://www.renjin.org/about.html}},
month = {},
year = {},
note = {(Accessed on 02/25/2016)}
}

@misc{jython_jvm,
author = {},
title = {Platform Specific Notes},
howpublished = {\url{http://www.jython.org/archive/21/platform.html}},
month = {},
year = {},
note = {(Accessed on 02/25/2016)}
}

@misc{frege,
author = {"Ingo Wechsung"},
title = {Frege/frege: Frege is a Haskell for the JVM. It brings purely functional programing to the Java platform.},
howpublished = {\url{https://github.com/Frege/frege}},
month = {},
year = {},
note = {(Accessed on 02/25/2016)}
}