@article{literate,
  author    = {Donald E. Knuth},
  title     = {Literate Programming},
  journal   = {Comput. J.},
  year      = {1984},
  volume    = {27},
  number    = {2},
  pages     = {97--111},
}

@book{lamport,
  author    = {Leslie Lamport},
  title     = {LaTeX - {A} Document Preparation System: User's Guide and Reference
               Manual, Second Edition},
  year      = {1994},
  publisher = {Pearson / Prentice Hall},
  isbn      = {978-0-201-52983-8},
}


