@misc{calderwood, 
	place={New York, New York}, 
	title={Crossing Over with John Edward}, 
	journal={Crossing Over with John Edward}, 
	publisher={Sci-Fi Channel}, 
	author={Calderwood, Dana}, 
	year={2000}, month={Jan}
}

@Book{fitzpatrick2003cat,
	  author = {Fitzpatrick, Sonya},
	  title = {Cat talk : the secrets of communicating with your cat},
	  publisher = {Berkley Books},
	  year = {2003},
	  address = {New York},
	  isbn = {0425194957}
 }
 
 @Book{fitzpatrick_smith_1997, 
 	   place={New York}, 
 	   title={What the animals tell me: developing your innate telepathic skills to understand and communicate with your pets}, 
 	   publisher={Hyperion}, 
 	   author={Fitzpatrick, Sonya and Smith, Patricia Burkhart}, 
 	   year={1997}
}

@misc{fitzpatrick_2013, 
	  title={About Sonya Fitzpatrick}, 
	  url={http://sonyafitzpatrick.com/about/}, 
	  journal={Sonya Fitzpatrick}, publisher={Animals Are Forever LLC}, 
	  author={Fitzpatrick, Sonya}, year={2013}
}

